<record xmlns="http://www.loc.gov/MARC21/slim" xmlns:xsi="http://www.w3.org/2001/XMLSchema-instance" xsi:schemaLocation="http://www.loc.gov/MARC21/slim http://www.loc.gov/standards/marcxml/schema/MARC21slim.xsd"><leader>02537nam a2200505   4500</leader><controlfield tag="001">001291160</controlfield><controlfield tag="003">NNU</controlfield><controlfield tag="006">m        d        </controlfield><controlfield tag="007">cr cn |||m|||a</controlfield><controlfield tag="008">150222s1890    tu      o     000 0 ara d</controlfield><datafield ind1=" " ind2=" " tag="040"><subfield code="a">NNU</subfield><subfield code="b">eng</subfield><subfield code="e">rda</subfield><subfield code="c">NNU</subfield></datafield><datafield ind1="0" ind2=" " tag="041"><subfield code="a">ara</subfield><subfield code="a">ota</subfield></datafield><datafield ind1="1" ind2="4" tag="050"><subfield code="a">PJ6131</subfield><subfield code="b">.I2363 1890</subfield></datafield><datafield ind1=" " ind2=" " tag="084"><subfield code="a">EN 2870</subfield><subfield code="2">rvk</subfield></datafield><datafield ind1="0" ind2=" " tag="100"><subfield code="6">880-01</subfield><subfield code="a">&#350;evket Efendi</subfield></datafield><datafield ind1="1" ind2="0" tag="245"><subfield code="6">880-02</subfield><subfield code="a">Mukayyed-i sarf cu&#776;mlesi /</subfield><subfield code="c">S&#807;evket Efendinin kalem-i i&#700;caz rakam-&#305; tahrirenelerile tashih olunan ; nu&#776;sha-y&#305; nefi&#770;sesinden istinsah olunup mu&#776;s&#807;arileyhile efaz&#305;l ulemadan Mu&#776;zellefzade Ahmet Efendi ve Abdu&#776;lkerim Efendi merhuman asi&#770;r il-fehm olan mahallarina mu&#776;dekkikane yaz&#305;ilm&#305;s&#807; olduklar&#305;.</subfield></datafield><datafield ind1="1" ind2="6" tag="246"><subfield code="6">880-03</subfield><subfield code="a">Mara&#772;h&#803;</subfield></datafield><datafield ind1=" " ind2=" " tag="260"><subfield code="6">880-04</subfield><subfield code="a">[Istanbul] :</subfield><subfield code="b">Mahmut Bey Matbaas&#305;,</subfield><subfield code="c">1308 [1890 or 1891]</subfield></datafield><datafield ind1=" " ind2=" " tag="300"><subfield code="a">online resource (154 pages)</subfield></datafield><datafield ind1=" " ind2=" " tag="336"><subfield code="a">text</subfield><subfield code="2">rdacontent</subfield></datafield><datafield ind1=" " ind2=" " tag="337"><subfield code="a">computer</subfield><subfield code="2">rdamedia</subfield></datafield><datafield ind1=" " ind2=" " tag="338"><subfield code="a">online resource</subfield><subfield code="2">rdacarrier</subfield></datafield><datafield ind1=" " ind2=" " tag="500"><subfield code="a">Part of the Arabic Collections Online (ACO) project, contributed by New York Univeristy Libraries.</subfield></datafield><datafield ind1=" " ind2=" " tag="533"><subfield code="a">Electronic reproduction.</subfield><subfield code="b">New York, N.Y. :</subfield><subfield code="c">New York University,</subfield><subfield code="d">2015.</subfield><subfield code="5">NNU</subfield></datafield><datafield ind1=" " ind2=" " tag="546"><subfield code="a">In Arabic; title page in Ottoman Turkish.</subfield></datafield><datafield ind1="1" ind2="0" tag="600"><subfield code="a">Ibn Mas&#699;u&#772;d, Ah&#803;mad ibn &#699;Ali&#772;,</subfield><subfield code="d">active 13th century.</subfield><subfield code="t">Mara&#772;h&#803; al-arwa&#772;h&#803;.</subfield></datafield><datafield ind1=" " ind2="0" tag="650"><subfield code="a">Arabic language</subfield><subfield code="x">Inflection.</subfield></datafield><datafield ind1="0" ind2="7" tag="630"><subfield code="a">Mara&#772;h&#803; al-arwa&#772;h&#803; (Ibn Mas&#699;u&#772;d, Ah&#803;mad ibn &#699;Ali&#772;)</subfield><subfield code="2">fast</subfield><subfield code="0">(OCoLC)fst01380148</subfield></datafield><datafield ind1=" " ind2="7" tag="650"><subfield code="a">Arabic language</subfield><subfield code="x">Inflection.</subfield><subfield code="2">fast</subfield><subfield code="0">(OCoLC)fst00812360</subfield></datafield><datafield ind1="0" ind2=" " tag="700"><subfield code="6">880-05</subfield><subfield code="a">M&#252;zellefzade Ahmet</subfield></datafield><datafield ind1="0" ind2=" " tag="700"><subfield code="6">880-06</subfield><subfield code="a">Abd&#252;lkerim Efendi</subfield></datafield><datafield ind1="1" ind2="2" tag="700"><subfield code="6">880-07</subfield><subfield code="a">Ibn Mas&#699;u&#772;d, Ah&#803;mad ibn &#699;Ali&#772;,</subfield><subfield code="d">active 13th century.</subfield><subfield code="t">Mara&#772;h&#803; al-arwa&#772;h&#803;.</subfield></datafield><datafield ind1="2" ind2=" " tag="710"><subfield code="a">New York University.</subfield><subfield code="b">Libraries.</subfield></datafield><datafield ind1="0" ind2=" " tag="730"><subfield code="a">Arabic Collections Online.</subfield></datafield><datafield ind1="0" ind2="8" tag="776"><subfield code="i">Print version:</subfield><subfield code="a">&#350;evket Efendi 880-01</subfield><subfield code="t">Mukayyed-i sarf cu&#776;mlesi</subfield><subfield code="w">(NNU)001291160</subfield></datafield><datafield ind1="4" ind2="0" tag="856"><subfield code="u">http://hdl.handle.net/2333.1/c866t399</subfield></datafield><datafield ind1="0" ind2=" " tag="880"><subfield code="6">100-01/</subfield><subfield code="a">&#1588;&#1608;&#1603;&#1578; &#1575;&#1601;&#1606;&#1583;&#1610;&#1606;&#1603;.</subfield></datafield><datafield ind1="1" ind2="0" tag="880"><subfield code="6">245-02/</subfield><subfield code="a">&#1605;&#1602;&#1610;&#1583; &#1589;&#1585;&#1601; &#1580;&#1605;&#1604;&#1607;&#8204;&#1587;&#1609;.</subfield></datafield><datafield ind1="1" ind2="6" tag="880"><subfield code="6">246-03/</subfield><subfield code="a">&#1605;&#1585;&#1575;&#1581;</subfield></datafield><datafield ind1=" " ind2=" " tag="880"><subfield code="6">260-04/</subfield><subfield code="a">[Istanbul] :</subfield><subfield code="b">&#1605;&#1581;&#1605;&#1608;&#1583; &#1576;&#1603; &#1605;&#1591;&#1576;&#1593;&#1607;&#8204;&#1587;&#1609;&#1548;</subfield><subfield code="c">1308 [1890 or 1891]</subfield></datafield><datafield ind1="0" ind2=" " tag="880"><subfield code="6">700-05/</subfield><subfield code="a">&#1605;&#1586;&#1604;&#1604;&#1601; &#1586;&#1575;&#1583;&#1607; &#1575;&#1581;&#1605;&#1583;.</subfield></datafield><datafield ind1="0" ind2=" " tag="880"><subfield code="6">700-06/</subfield><subfield code="a">&#1593;&#1576;&#1583; &#1575;&#1604;&#1603;&#1585;&#1610;&#1605; &#1575;&#1601;&#1606;&#1583;&#1610;.</subfield></datafield><datafield ind1="1" ind2="2" tag="880"><subfield code="6">700-07/</subfield><subfield code="a">&#1575;&#1576;&#1606; &#1605;&#1587;&#1593;&#1608;&#1583;&#1548; &#1575;&#1581;&#1605;&#1583; &#1576;&#1606; &#1593;&#1604;&#1610;&#1548;</subfield><subfield code="d">active 13th century.</subfield><subfield code="t">&#1605;&#1585;&#1575;&#1581; &#1575;&#1604;&#1575;&#1585;&#1608;&#1575;&#1581;.</subfield></datafield><datafield ind1=" " ind2=" " tag="959"><subfield code="a">NNU</subfield><subfield code="b">WEB</subfield><subfield code="c">GENI</subfield><subfield code="t">0</subfield><subfield code="m">Electronic access</subfield><subfield code="s">01</subfield></datafield><datafield ind1=" " ind2=" " tag="999"><subfield code="i">NNU_001291160</subfield><subfield code="s">nyu_aco000241</subfield></datafield></record>